% This file was created with JabRef 2.10.
% Encoding: UTF8


@InProceedings{KoenigPat1999,
  title = {New Design of Robust Kalman Filters for Fault Detection and Isolation},
  author = {Koenig, D. and Patton, R. J.},
  booktitle = {Proc. Of the 14th Triennial World Congress of the {IFAC}},
  year = {1999},

  address = {Beijing, P. R. China},
  pages = {247--252},

  comment = {IRT},
  keywords = {Unknown Input Observer, Discrete-Time, Fault Detection, Residuum}
}

@InProceedings{Moreno2000,
  title = {Unknown Input Observer for {SISO} Nonlinear Systems},
  author = {Moreno, J.},
  booktitle = {Proceedings of the 39th {IEEE} Conf. On Decision and Control},
  year = {2000},

  address = {Sydney, Australia},
  editor = {IEEE},
  month = {Dez.},
  pages = {790--795},

  comment = {cc, irt},
  keywords = {Nonlinear, Continuous Time, Unknown Input Observer}
}

